@misc{Python,
author={Vincent LeGoff},
title={Apprenez à programmer en Python},
note={https://openclassrooms.com/courses/apprenez-a-programmer-en-python}
}

@misc{Javascript,
author={Baptiste Pesquet},
title={Apprenez à coder avec JavaScript},
note={https://openclassrooms.com/courses/apprenez-a-coder-avec-javascript}
}


@misc{HTML_CSS,
author={Mathieu Nebra},
title={Apprenez à créer votre site web avec HTML5 et CSS3},
note={https://openclassrooms.com/courses/apprenez-a-creer-votre-site-web-avec-html5-et-css3}
}

@misc{CSS_Advanced,
author={Mathieu Nebra},
title={Utilisez les effets avancés de CSS sur votre site},
note={https://openclassrooms.com/courses/utilisez-les-effets-avances-de-css-sur-votre-site}
}

@misc{Django,
author={Maxime Lorant,Mathieu Xhonneux},
title={Développez votre site web avec le framework Django},
note={https://openclassrooms.com/courses/developpez-votre-site-web-avec-le-framework-django}
}

@misc{Jquery,
author={Michel Martin},
title={Simplifiez vos développements JavaScript avec jQuery},
note={https://openclassrooms.com/courses/simplifiez-vos-developpements-javascript-avec-jquery}
}

@misc{Bootstrap,
author={Maurice Chavelli},
title={Prenez en main Bootstrap},
note={https://openclassrooms.com/courses/prenez-en-main-bootstrap}
}

@misc{Bootstrap_doc,
title={Bootstrap documentation},
note={http://getbootstrap.com/docs/4.0/getting-started/introduction/}
}

@misc{Django_doc,
title={Django documentation},
note={https://docs.djangoproject.com/en/2.0/}
}

@misc{less_doc,
title={Less documentation},
note={http://lesscss.org/getting-started}
}

@misc{P5_doc,
title={P5 documentation},
note={https://p5js.org/reference/}
}

@misc{Jquery_doc,
title={Jquery documentation},
note={http://api.jquery.com/}
}

@misc{Grunt_doc,
title={Grunt documentation},
note={https://gruntjs.com/getting-started}
}
